@book
{
	Kopka,
	author 		= {Helmut Kopka},
	title		= {{\LaTeX}, Band 1: Einführung},
	publisher	= {Pearson Education Deutschland GmbH},
	address		= {D-81829 München},
	edition		= {3},
	volume		= {1},
	year		= {2002},
	pages		= {521},
	isbn		= {3-8273-7038-8}
}

@book
{
	Tanenbaum,
	author 		= {Andrew S. Tanenbaum},
	title		= {{Modern Operating Systems}},
	publisher	= {Prentice Hall},
	address		= {NJ 07458},
	edition		= {2},
	year		= {2001},
	pages		= {951},
	isbn		= {0-13-031358-0}
}

@inbook
{
	TanenbaumSecurity,
	author 		= {Andrew S. Tanenbaum},
	booktitle	= {{Modern Operating Systems}},
	chapter		= {9},
	pages		= {583-670},
	publisher	= {Prentice Hall},
	address		= {NJ 07458},
	edition		= {2},
	year		= {2001},
	pages		= {951},
	isbn		= {0-13-031358-0}
}

@misc
{	
	argus,
	author 		= {Argus System Group},
	howpublished	= {Website: \url{http://www.argus-systems.com}},
	url 		= {http://www.argus-systems.com}
}

@misc
{	
	secstats,
	author 		= {Securitystats},
	howpublished    = {Website: \url{http://www.securitystats.com/}},
	url 		= {http://www.securitystats.com/}
}

@misc
{
	VMwareManual,
	title		= {VMware Manual (online verfügbar)},
	author 		= {VMware Inc.},
	howpublished	= {Website: \url{http://www.vmware.com/support/}},
	url 		= {http://www.vmware.com/support/}
}

@misc
{
	secDebian,
	title		= {{Securing Debian Manual}},
	author 		= {Alexander Reelsen and Javier Fern\'andez-Sanguino Peña},
	howpublished	= {Website: \url{http://www.linuxsecurity.com/docs/harden-doc/html/secuting-debian-howto/}},
	url 		= {http://www.linuxsecurity.com/docs/harden-doc/html/secuting-debian-howto/}
}

@misc
{
	secHowto,
	title		= {{Linux Security-HOWTO}},
	author 		= {Kevin Fenzi},
	howpublished	= {Website: \url{http://tldp.org/HOWTO/Security-HOWTO/}},
	url 		= {http://tldp.org/HOWTO/Security-HOWTO/}
}


@misc
{
	installLinux73,
	title		= {{The Official Red Hat Linux x86 Installation Guide, RedHat Release 7.3}},
	author 		= {Red Hat Inc.},
	howpublished	= {Website: \url{http://ftp.ind.net/pub/mirrors/ftp.redhat.com/redhat/linux/7.3/de/doc/RH-DOCS/rhl-ig-x86-en-7.3/index.html}},
	url 		= {http://ftp.ind.net/pub/mirrors/ftp.redhat.com/redhat/linux/7.3/de/doc/RH-DOCS/rhl-ig-x86-en-7.3/index.html}
}


@misc
{
	installLinuxCurrent,
	title		= {{Red Hat Manuals}},
	author 		= {Red Hat Inc.},
	howpublished	= {Website: \url{http://www.redhat.com/docs/manuals/}},
	url 		= {http://www.redhat.com/docs/manuals/}
}

@misc
{
	pam,
	title		= {{PAM Dokumentation}},
	author 		= {Andrew G. Morgan},
	howpublished	= {Website: \url{http://www.kernel.org/pub/linux/libs/pam/}},
	url 		= {http://www.kernel.org/pub/linux/libs/pam/}
}

@misc
{
	ctexploit,
	title		= {{Das Sicherheitsloch}, c't 23/2001,S.216},
	author 		= {Stephan Kallnik and Daniel Pape and Daniel Schröter and Stefan Strobel},
	howpublished	= {Website: \url{http://www.heise.de/ct/01/23/216/}},
	url 		= {http://www.heise.de/ct/01/23/216/}
}

@misc
{
	phrackexploit,
	title		= {{Smashing the Stuck for fun}},
	author 		= {},
	howpublished	= {Website: \url{http://www.phrack.org/show.php?p=498&a=14}},
	url 		= {http://www.phrack.org/show.php?p=498&a=14}
}
